@article{tipstricks,
    author = "Jamie Samans",
    title = "The Robosapien Companion: Tips, Tricks and Hacks",
    year = "2005",
    url = "https://books.google.bg/books/about/The_Robosapien_Companion.html?id=DNibQ5GPsJ8C&redir_esc=y",
    keywords = "physics"
}
 
@book{dirac,
    title = {The Principles of Quantum Mechanics},
    author = {Paul Adrien Maurice Dirac},
    isbn = {9780198520115},
    series = {International series of monographs on physics},
    year = {1981},
    publisher = {Clarendon Press},
    keywords = {physics}
}
 
@online{knuthwebsite,
    author = "Donald Knuth",
    title = "Knuth: Computers and Typesetting",
    url  = "http://www-cs-faculty.stanford.edu/~uno/abcde.html",
    addendum = "(accessed: 01.09.2016)",
    keywords = "latex,knuth"
}